@inproceedings{CV10,
  author = "Y. Chen and J. Wortman Vaughan",
  title = "A New Understanding of Prediction Markets Via No-Regret Learning",
  booktitle = "Proceedings of the 11th ACM Conference on Electronic Commerce",
  year = "2010"
}

@unpublished{CL10,
  author = "N. Cesa-Bianchi and G. Lugosi",
  title = "Combinatorial bandits",
  note = "In submission",
  month = "January",
  year = "2010"
}

@inproceedings{CFLPW08,
  author = "Y. Chen and L. Fortnow and N. Lambert and D. M. Pennock and J. Wortman",
  title = "Complexity of Combinatorial Market Makers",
  booktitle = "Proceedings of the 9th ACM Conference on Electronic Commerce",
  year = "2008"
}

@article{ADPWY10,
  author = "S. Agrawal and E. Delage and M. Peters and Z. Wang and Y. Ye",
  title = "A Unified Framework for Dynamic Prediction Market Design",
  journal = "Operations Research",
  year = "to appear, 2010"
}

@inproceedings{AWY08,
  title = "Parimutuel Betting on Permutations",
  author = "S. Agrawal and Z. Wang and Y. Ye", 
  booktitle = "Proceedings of the 4th International Workshop On Internet And Network Economics", 
  year = "2008"
}

@book{BV04,
  title = "Convex Optimization",
  author = "S. Boyd and L. Vandenberghe",
  publisher = "Cambridge University Press",
  year = "2004"
}

@book{HL04,
  author = "J.-B. Hiriart-Urruty and C. Lemar\'echal",
  title = "Fundamentals of Convex Analysis",
  publisher = "Springer",
  year = "2001"
}

@inproceedings{P04,
  author = "D. M. Pennock",
  title = "A Dynamic pari-mutuel market for hedging, wagering, and information aggregation",
  booktitle = "Proceedings of the 5th ACM Conference on Electronic Commerce",
  year = "2004"
}

@inproceedings{CP07,
  title = "A Utility Framework for Bounded-Loss Market Makers",
  author = "Y. Chen and D. M. Pennock",
  booktitle = "Proceedings of the 23rd Conference on Uncertainty in Artificial Intelligence",
  year = "2007"
}

@article{H03,
  author = "R. Hanson",
  title = "Combinatorial Information Market Design",
  journal = "Information Systems Frontiers",
  volume = "5",
  number = "1",
  pages = "105--119",
  year = "2003"
}

@article{H07,
  author = "R. Hanson",
  title = "Logarithmic market scoring rules for modular combinatorial information aggregation",
  journal = "Journal of Prediction Markets",
  volume = "1",
  number = "1",
  pages = "3--15",
  year = "2007"
}

@article{LHI09,
author = "J. Ledyard and R. Hanson and T. Ishikida",
title = "An Experimental Test of Combinatorial Information Markets",
journal = "Journal of Economic Behavior and Organization",
volume = "69",
pages = "182--189",
year = "2009"
}

@incollection{PS07,
  author = "D. M. Pennock and R. Sami",
  title = "Computational Aspects of Prediction Markets",
  booktitle = "Algorithmic Game Theory",
  editor = "N. Nisan and T. Roughgarden and \'{E}. Tardos and V. Vazirani", 
  publisher = "Cambridge University Press", 
  year = "2007"
}

@article{LW94,
  author = "N. Littlestone and M. Warmuth",
  title = "The weighted majority algorithm",
  journal = "Info. and Computation",
  volume = "108",
  number = "2",
  pages = "212--261",
  year = "1994"
}

@article{FS97,
  author = "Y. Freund and R. Schapire",
  title = "A decision-theoretic generalization of on-line learning and an application to boosting",
  journal = "Journal of Comp. and System Sciences",
  volume = "55",
  number = "1",
  pages = "119--139",
  year = "1997"
}

@article{C-B+97,
  author = "N. Cesa-Bianchi and Y. Freund and D. P. Helmbold and D. Haussler and R. Schapire and M. Warmuth",
  title = "How to use expert advice",
  journal = "Journal of the ACM",
  volume = "44",
  number = "3",
  pages = "427--485",
  year = "1997"
}

@article{EKMW08,
  title = "Regret to the Best Vs. Regret to the Average",
  author = "E. Even-Dar and M. Kearns and Y. Mansour and J. Wortman",
  journal = "Machine Learning", 
  volume = "72", 
  number = "1--2",
  pages = "21--37", 
  year = "2008"
}

@article{FS02,
  title = "Convex measures of risk and trading constraints",
  author = {H. F\"{o}llmer and A. Schied},
  journal = "Finance and Stochastics",
  volume = "6",
  number = "4",
  year = "2002"
}

@article{HW09,
  author = "D. Helmbold and M. Warmuth",
  title = "Learning Permutations with Exponential Weights",
  journal = "JMLR",
  volume = "10",
  pages = "1705--1736",
  year = "2009"
}

@inproceedings{KW99,
  author = "J. Kivinen and M. Warmuth",
  title = "Averaging Expert Predictions", 
  booktitle = "EuroCOLT",
  year = "1999"
}

@article{KW97,
  author = "J. Kivinen and M. Warmuth",
  title = "Exponentiated Gradient versus Gradient Descent for Linear Predictors", 
  journal = "Journal of Information and Computation", 
  volume = "132", 
  number = "1",
  pages = "1--63",
  year = "1997"
}

@article{JS00,
  author = "J. R. Silvester",
  title = "Determinants of Block Matrices", 
  journal = "Maths Gazette", 
  volume = "84", 
  pages = "460--467",
  year = "2000"
}

@inproceedings{HK08,
  title = "Extracting Certainty from Uncertainty: {R}egret Bounded by Variation in Costs",
  author = "E. Hazan and S. Kale",
  booktitle = "COLT", 
  year = "2008"
}

@unpublished{H09,
  title = "A Survey: {T}he Convex Optimization Approach to Regret Minimization",
  author = "E. Hazan",
  note = "Draft",
  month = "Sept.",
  year = "2009"
}

@unpublished{R09,
  title = "Lecture Notes on Online Learning",
  author = "A. Rakhlin",
  note = "Draft",
  month = "April",
  year = "2009"
}

@article{HAK07,
  title = "Logarithmic Regret Algorithms for Online Convex Optimization",
  author = "E. Hazan and A. Agarwal and S. Kale", 
  journal = "Machine Learning",
  volume = "69",
  number = "2--3",
  pages = "169--192",
  year = "2007"
}

@article{SS07,
  title = "A Primal-Dual Perspective of Online Learning Algorithms",
  author = "S. Shalev-Shwartz and Y. Singer", 
  journal = "Machine Learning", 
  volume = "69",
  number = "2--3", 
  pages = "115--142", 
  year = "2007"
}

@article{KV05,
  author = "A. T. Kalai and S. Vempala",
  title = "Efficient Algorithms for Online Decision Problems",
  journal = "Journal of Computer and System Sciences",
  volume = "71",
  number = "3",
  pages = "291--307",
  year = "2005"
}

@incollection{H57,
  author = "J. Hannan",
  title = "Approximation to {B}ayes risk in repeated play",
  booktitle = "Contributions to the Theory of Games, Volume III",
  editor = "M. Dresher and A. W. Tucker and P. Wolfe", 
  publisher = "Princeton University Press", 
  address = "Princeton",
  pages = "97--139",
  year = "1957"
}

@article{CL03,
  author = "N. Cesa-Bianchi and G. Lugosi",
  title = "Potential-based algorithms in on-line prediction and game theory",
  journal = "Machine Learning", 
  volume = "51",
  number = "3",
  pages = "239--261",
  year = "2003"
}

@ARTICLE{Hendrickson:71,
 author={A. D. Hendrickson and R. J. Buehler},
 title={Proper Scores for Probability Forecasters},
 journal={Annals of Mathematical Statistics},
 volume={42},
 number={6},
 pages={1916--1921},
 year={1971},
}

@ARTICLE{Savage:71,
 author={L. J. Savage},
 title={Elicitation of Personal Probabilities and Expectations},
 journal={Journal of the American Statistical Association},
 volume={66},
 number={336},
 pages={783--801},
 year={1971},
}

@article{Gneiting:07,
  author       = {T. Gneiting and A. Raftery},
  title        = {Strictly Proper Scoring Rules, Prediction, and Estimation},
  year         = {2007},
  journal = {Journal of the American Statistical Association},
  Volume 			 = {102},
  number={477},
  pages ={359--378},
}

@article{McCarthy:56,
  author       = {J. McCarthy},
  title        = {Measures of the Value of Information},
  year         = {1956},
  Volume 			 ={42},
  journal = {PNAS},
  pages ={654-655},
}

@inproceedings{RW09,
  title = "Surrogate Regret Bounds for Proper Losses",
  author = "M. D. Reid and R. C. Williamson",
  booktitle = "ICML", 
  year = "2009"
}

@unpublished{BSS05,
  title = "Loss Functions for Binary Class Probability Estimation and Classification: {S}tructure and Applications",
  author = "A. Buja and W. Stuetzle and Y. Shen",
  note   = "Working draft",
  month = "November",
  year = "2005"
}

@article{GKO05,
  title = "Statistical methods for eliciting probability distributions",
  author = "P. H. Garthwaite and J. B. Kadane and A. O'Hagan",
  journal = "Journal of the American Statistical Association",
  volume = "100",
  pages = "680--701",
  year = "2005"
}

@inproceedings{LPS08,
  author = "N. Lambert and D. M. Pennock and Y. Shoham",
  title = "Eliciting Properties of Probability Distributions",
  booktitle = "Proceedings of the 9th ACM Conference on Electronic Commerce",
  year = "2008"
}

@article{B50,
  author = "G. Brier",
  title = "Verification of Forecasts Expressed in Terms of Probability",
  journal = "Monthly Weather Review", 
  volume = "78",
  number = "1", 
  pages = "1--3",
  year = "1950"
}

@article{G52,
  title = "Rational Decisions",
  author = "I. J. Good",
  journal = "Journal of the Royal Statistical Society, Series B (Methodological)", 
  volume = "14",
  number = "1",
  pages = "107--114",
  year = "1952"
} 

@article{MS02,
  author = "P. Milgrom and I. Segal",
  title = "Envelope Theorems for Arbitrary Choice Sets",
  journal = "Econometrica",
  volume = "70",
  number = "2", 
  pages = "583--601",
  year = "2002"
}

@article{K93,
  author = "T. Kim",
  title = "Differentiability of the Value Function: {A} New Characterization",
  journal = "Seoul Journal of Economics",
  volume = "6",
  number = "3",
  year = "1993"
}

@inproceedings{CGP08,
  title = "Pricing Combinatorial Markets for Tournaments",
  author = "Y. Chen and S. Goel and D. M. Pennock",
  booktitle = "Proceedings of the 40th ACM Symposium on Theory of Computing",
  year = "2008"
} 

@inproceedings{GCP09,
  title = "Betting on the Real Line",
  author = "X. Gao and Y. Chen and D. M. Pennock",
  booktitle = "Proceedings of the 5th Workshop on Internet and Network Economics",
  year = "2009"
} 

@inproceedings{Z03,
  author = "M. Zinkevich",
  title = "Online convex programming and generalized infinitesimal gradient ascent",
  booktitle = "ICML",
  year = "2003"
}

@article{HP05,
  title = "Adaptive Online Prediction by Following the Perturbed Leader",
  author = "M. Hutter and J. Poland",
  journal = "JMLR",
  volume = "6",
  pages = "639--660", 
  year = "2005"
}

@ARTICLE{Arrow:64,
 author={K. J. Arrow},
 title={The role of securities in the optimal allocation of risk-bearing},
 journal={Review of Economic Studies},
 volume={31},
 number={2},
 pages={91--96},
 year={1964},
}

@book{Arrow:70,
author={K. J. Arrow},
title={Essays in the Theory of Risk Bearing},
year={1970},
publisher={North Holland},
address={Amsterdam},
} 

@book{Mas:95,
author={A. Mas-Colell and M. D. Whinston and J. R. Green},
title={Microeconomics Theory},
year={1995},
publisher={Oxford University Press},
address={New York, NY},
}

@incollection{Ber:01,
 author={J. E. Berg and R. Forsythe and F. D. Nelson and T. A. Rietz},
 title={Results from a dozen years of election futures markets research},
 booktitle={Handbook of Experimental Economic Results},
 editor={C. A. Plott and V. Smith},
 year={2001},
}

@ARTICLE{Wol:04,
 author={J. Wolfers and E. Zitzewitz},
 title={Prediction Markets},
 journal={Journal of Economic Perspective},
 volume={18},
 number={2},
 pages={107--126},
 year={2004},
}

@inproceedings{Guo:09,
 author = {M. Guo and D. M. Pennock},
 title = {Combinatorial prediction markets for event hierarchies},
 booktitle = {Proceedings of The 8th International Conference on Autonomous Agents and Multiagent Systems},
 year = {2009}
 }
 
     @inproceedings{Othman:10b,
  TITLE        = {A Practical Liquidity-Sensitive Automated Market Maker},
  AUTHOR       = {A. Othman and T. Sandholm and D. M. Pennock and D. M. Reeves},
  YEAR         = {2010},
  booktitle   = {Proceedings of the 11th ACM Conference on Electronic Commerce}
  }

@article{sion1958general,
  title={{On general minimax theorems}},
  author={Sion, M.},
  journal={Pacific Journal of Mathematics},
  volume={8},
  number={1},
  pages={171--176},
  year={1958}
}

@article{Gorni1991293,
author = "G. Gorni",
title = "Conjugation and second-order properties of convex functions",
journal = "Journal of Mathematical Analysis and Applications",
volume = "158",
number = "2",
pages = "293--315",
year = "1991"
}

@article{megiddo1977mixtures,
  title={{Mixtures of order matrices and generalized order matrices}},
  author={Megiddo, N.},
  journal={Discrete Mathematics},
  volume={19},
  number={2},
  pages={177--181},
  issn={0012-365X},
  year={1977},
  publisher={Elsevier}
}

@conference{chen2007betting,
  title={{Betting on permutations}},
  author={Chen, Y. and Fortnow, L. and Nikolova, E. and Pennock, D.M.},
  booktitle={Proceedings of the 8th ACM Conference on Electronic Commerce},
  pages={326--335},
  year={2007},
  organization={ACM}
}

@BOOK{CesaBianchiLugosi06book,
  title = {Prediction, Learning, and Games},
  publisher = {Cambridge University Press},
  year = {2006},
  author = {N. Cesa-Bianchi and G. Lugosi},
  owner = {cusgadmin},
  timestamp = {2006.10.17}
}


@inproceedings{Peters:07,
title = "Pari-mutuel Markets: {M}echanisms and Performance",
author = "M. Peters and A. Man-Cho So and Y. Ye",
booktitle = "Proceedings of the 3rd International Workshop on Internet and Network Economics",
pages={82--95},
year = "2007"
}

@inproceedings{Das:08,
title = "The effects of market-making on price dynamics",
author = "S. Das",
booktitle = "Proceedings of the 7th International Joint Conference on Autonomous Agents and Multiagent Systems",
pages={887--894},
year = "2008"
}

@article{grotschel1981ellipsoid,
  title={{The ellipsoid method and its consequences in combinatorial optimization}},
  author={Gr{\"o}tschel, M. and Lov{\'a}sz, L. and Schrijver, A.},
  journal={Combinatorica},
  volume={1},
  number={2},
  pages={169--197},
  issn={0209-9683},
  year={1981},
  publisher={Springer}
}

@inproceedings{Chen:07,
  TITLE        = {Betting on Permutations},
  AUTHOR       = {Yiling Chen and Lance Fortnow and Evdokia Nikolova and David M. Pennock},
 booktitle = {Proceedings of the 8th ACM conference on Electronic commerce},
 year = {2007},
 pages = {326--335},
  }
  
  @unpublished{OS11,
  author = "A. Othman and T. Sandholm",
  title = "Homogeneous Risk Measures and Liquidity-Sensitive Automated Market Makers",
  note = "Carnegie Mellon University working paper",
  month = "March",
  year = "2011"
}

