@MastersThesis{L12,
    author = "X. Li",
    title = "Designing Automated Market Makers with Adaptive Liquidity",
    school = "University of California, Los Angeles",
    year = "2012"
}

@Article{ OS11,
	title = "Liquidity-Sensitive Automated Market Makers via Homogeneous Risk Measures",
	author = "A. Othman and T. Sandholm",
	journal = "WINE",
	year = "2011"
}

@InProceedings{ OSPR10,
	title = "A practical liquidity-sensitive automated market maker",
	author = "A. Othman and T. Sandholm and D.M. Pennock and D.M. Reeves",
	booktitle = "ACM EC",
	year = "2010",
}

@inproceedings{ ACV11,
	title = "An Optimization-Based Framework for Automated Market-Making",
	author = "J. Abernethy and Y. Chen and J. W. Vaughan",
	booktitle = "ACM EC",
	year = "2011"
}

@article{ADPWY11,
  author = "S. Agrawal and E. Delage and M. Peters and Z. Wang and Y. Ye",
  title = "A Unified Framework for Dynamic Prediction Market Design",
  journal = "Operations Research",
  volume = "59",
  number = "3",
  pages = "550--568",
  year = "2011"
}

@inproceedings{CV10,
  author = "Y. Chen and J. W. Vaughan,
  title = "A New Understanding of Prediction Markets Via No-Regret Learning",
  booktitle = "ACM EC",
  year = "2010"
}

@article{H03,
  author = "R. Hanson",
  title = "Combinatorial Information Market Design",
  journal = "Information Systems Frontiers",
  volume = "5",
  number = "1",
  pages = "105--119",
  year = "2003"
}

@article{H07,
  author = "R. Hanson",
  title = "Logarithmic market scoring rules for modular combinatorial information aggregation",
  journal = "Journal of Prediction Markets",
  volume = "1",
  number = "1",
  pages = "3--15",
  year = "2007"
}


@Book{ BV04,
	title = "Convex optimization",
	author = "S.P. Boyd and L. Vandenberghe",
	year = "2004",
	publisher = "Cambridge Univ Pr"
}

@article{BT94,
  title={An algorithm for finding the Chebyshev center of a convex polyhedron},
  author={Botkin, N. and Turova-Botkina, V.},
  journal={System Modelling and Optimization},
  pages={833--844},
  year={1994},
  publisher={Springer}
}

@article{DP77,
  title={An algorithm for determining all extreme points of a convex polytope},
  author={Dyer, ME and Proll, LG},
  journal={Mathematical Programming},
  volume={12},
  number={1},
  pages={81--96},
  year={1977},
  publisher={Springer}
}

@article{ACV13,
  author = "J. Abernethy and Y. Chen and J. W. Vaughan",
  title = "Efficient Market Making via Convex Optimization, and a 
Connection to Online Learning",
  journal = "ACM Transactions on Economics and Computation",
  volume = "1",
  number = "2",
  year = "2013",
}

@inproceedings{CP07,
  title={A utility framework for bounded-loss market makers},
  author={Chen, Y. and Pennock, D.M.},
  booktitle={UAI},
  year={2007},
}

@incollection{PS07,
  author = "D. M. Pennock and R. Sami",
  year = "2007",
  title = "Computational aspects of prediction markets",
  booktitle =  "Algorithmic Game Theory",
  editor = "N. Nisan and T. Roughgarden and E. Tardos and V. Vazirani", 
  publisher = "Cambridge University Press"
}

@misc{D10,
  author = "D. M. Pennock",
  title = "Why automated market makers?",
  month = "July",
  year = "2010",
  howpublished = "Oddhead Blog.  Accessed at \url{http://blog.oddhead.com/2010/07/08/why-automated-market-makers/}"
}

@book{R97,
  title={Convex analysis},
  author={Rockafellar, R.T.},
  volume={28},
  year={1997},
  publisher={Princeton Univ Pr}
}

@inproceedings{OS12,
  title={Profit-charging market makers with bounded loss, vanishing bid/ask spreads, and unlimited market depth},
  author={Othman, A. and Sandholm, T.},
  booktitle={ACM EC},
  year={2012}
}

@article{V83,
  title={Strong and weak convexity of sets and functions},
  author={Vial, J.P.},
  journal={Mathematics of Operations Research},
  volume={8},
  number={2},
  pages={231--259},
  year={1983},
  publisher={INFORMS}
}


@inproceedings{LV13,
  title={An axiomatic characterization of adaptive-liquidity market makers},
  author={Li, Xiaolong and Vaughan, Jennifer Wortman},
  booktitle={Proceedings of the fourteenth ACM conference on Electronic commerce},
  pages={657--674},
  year={2013},
  organization={ACM}
}

@article{FN92,
  title={Anatomy of an experimental political stock market},
  author={Forsythe, Robert and Nelson, Forrest and Neumann, George R and Wright, Jack},
  journal={The American Economic Review},
  pages={1142--1161},
  year={1992},
  publisher={JSTOR}
}

@article{H45,
  title={The use of knowledge in society},
  author={Hayek, Friedrich August},
  year={1945},
  publisher={World Scientific}
}

@techreport{WZ04,
  title={Prediction markets},
  author={Wolfers, Justin and Zitzewitz, Eric},
  year={2004},
  institution={National Bureau of Economic Research}
}

@article{C05,
  title={Interpreting the predictions of prediction markets},
  author={Manski, Charles F},
  journal={economics letters},
  volume={91},
  number={3},
  pages={425--429},
  year={2006},
  publisher={Elsevier}
}

@inproceedings{P04,
  title={A dynamic pari-mutuel market for hedging, wagering, and information aggregation},
  author={Pennock, David M},
  booktitle={Proceedings of the 5th ACM conference on Electronic commerce},
  pages={170--179},
  year={2004},
  organization={ACM}
}

@inproceedings{CRV13,
  title={Cost function market makers for measurable spaces.},
  author={Chen, Yiling and Ruberry, Mike and Vaughan, Jennifer Wortman},
  booktitle={ACM Conference on Electronic Commerce},
  pages={785--802},
  year={2013}
}